timestamp,mid,bid,ask,spread,bp_per_min,funding_rate
1700000000.0,30000.72,29999.95,30001.49,1.548110,1.759791,0.00001224
1700000001.0,29997.05,29996.55,29997.54,0.986116,3.224539,0.00002046
1700000002.0,30031.52,30031.07,30031.97,0.897211,9.480418,0.00000910
1700000003.0,30041.40,30040.96,30041.85,0.892264,1.290677,0.00001745
1700000004.0,30062.58,30062.09,30063.07,0.971403,5.045867,-0.00000388
1700000005.0,30113.58,30113.10,30114.06,0.961079,14.938823,-0.00001090
1700000006.0,30127.54,30126.96,30128.12,1.162646,2.634453,0.00000743
1700000007.0,30150.95,30150.34,30151.55,1.211029,5.766044,-0.00001093
1700000008.0,30139.87,30139.54,30140.20,0.666033,5.676343,0.00001246
1700000009.0,30156.53,30156.15,30156.91,0.752766,3.525498,0.00000530
1700000010.0,30156.69,30156.38,30157.01,0.629233,1.946098,-0.00001515
1700000011.0,30154.35,30153.78,30154.93,1.153683,2.776096,0.00000995
1700000012.0,30188.54,30188.07,30189.01,0.936423,9.327795,-0.00000057
1700000013.0,30210.15,30209.77,30210.53,0.758689,5.153822,0.00000160
1700000014.0,30186.60,30186.21,30186.98,0.772573,9.803773,-0.00000642
1700000015.0,30197.40,30196.98,30197.82,0.839240,1.578046,-0.00002045
1700000016.0,30218.24,30217.70,30218.78,1.078758,4.897026,0.00001254
1700000017.0,30199.72,30199.07,30200.37,1.297334,8.133730,0.00000129
1700000018.0,30228.67,30228.25,30229.09,0.839053,7.580282,-0.00000427
1700000019.0,30215.86,30215.38,30216.33,0.952015,6.242187,0.00001071
1700000020.0,30255.13,30254.58,30255.69,1.110638,10.983910,0.00001547
1700000021.0,30265.03,30264.64,30265.41,0.768737,1.270295,0.00000539
1700000022.0,30246.34,30245.93,30246.74,0.803533,8.180970,0.00001584
1700000023.0,30246.91,30246.57,30247.24,0.670506,1.811648,0.00000415
1700000024.0,30263.77,30263.31,30264.23,0.919830,3.574833,-0.00000795
1700000025.0,30297.60,30297.04,30298.16,1.125063,9.167353,-0.00001215
1700000026.0,30288.94,30288.32,30289.57,1.249629,4.859282,0.00001123
1700000027.0,30315.99,30315.34,30316.64,1.293582,6.923234,-0.00000457
1700000028.0,30321.82,30321.30,30322.33,1.031000,0.078043,-0.00001370
1700000029.0,30300.43,30299.93,30300.94,1.007775,9.058319,-0.00000592
1700000030.0,30256.76,30256.24,30257.28,1.031507,16.436739,0.00001664
1700000031.0,30278.18,30277.88,30278.48,0.597213,5.075198,-0.00000016
1700000032.0,30285.22,30284.50,30285.95,1.449500,0.326248,0.00001185
1700000033.0,30262.88,30262.12,30263.65,1.534539,9.383414,-0.00000100
1700000034.0,30247.16,30246.51,30247.81,1.300606,7.198734,0.00000176
1700000035.0,30264.03,30263.58,30264.47,0.891488,3.574682,-0.00001037
1700000036.0,30260.73,30260.40,30261.05,0.645067,3.091666,-0.00000205
1700000037.0,30260.56,30260.12,30261.00,0.877555,2.054350,-0.00000632
1700000038.0,30286.19,30285.65,30286.73,1.080840,6.465163,-0.00000708
1700000039.0,30266.36,30266.02,30266.71,0.688341,8.553953,-0.00000658
1700000040.0,30260.19,30259.76,30260.61,0.845390,4.040852,0.00000150
1700000041.0,30267.87,30267.34,30268.40,1.055567,0.538571,0.00001770
1700000042.0,30289.81,30289.34,30290.28,0.933402,5.245035,-0.00000141
1700000043.0,30319.07,30318.62,30319.51,0.886721,7.650884,-0.00000086
1700000044.0,30300.97,30300.38,30301.56,1.175367,7.973534,0.00000038
1700000045.0,30308.00,30307.55,30308.45,0.893812,0.320146,-0.00000283
1700000046.0,30298.05,30297.50,30298.60,1.095654,5.284100,0.00000446
1700000047.0,30291.33,30291.08,30291.58,0.500000,4.218236,0.00000347
1700000048.0,30314.72,30314.09,30315.35,1.258352,5.716179,0.00000296
1700000049.0,30373.74,30373.10,30374.38,1.288230,17.435271,0.00000081
1700000050.0,30364.56,30364.26,30364.85,0.585625,5.024886,-0.00000091
1700000051.0,30349.11,30348.54,30349.67,1.123447,7.091790,-0.00000431
1700000052.0,30386.32,30385.89,30386.75,0.865087,10.248452,-0.00001073
1700000053.0,30385.98,30385.30,30386.66,1.361305,2.112480,-0.00000267
1700000054.0,30374.68,30374.35,30375.01,0.654920,5.720160,-0.00000843
1700000055.0,30391.37,30390.78,30391.97,1.188026,3.494476,-0.00000586
1700000056.0,30405.19,30404.67,30405.71,1.037258,2.545820,-0.00000246
1700000057.0,30460.37,30459.70,30461.05,1.344241,16.119831,-0.00000282
1700000058.0,30447.50,30446.75,30448.25,1.496976,6.229253,0.00000002
1700000059.0,30459.77,30459.20,30460.34,1.145955,2.029130,-0.00002116
1700000060.0,30479.87,30479.62,30480.12,0.500000,4.597219,0.00000058
1700000061.0,30473.34,30472.77,30473.91,1.146222,4.144936,0.00000066
1700000062.0,30468.75,30468.14,30469.35,1.205107,3.507919,-0.00000754
1700000063.0,30445.69,30445.26,30446.11,0.847381,9.575489,0.00000129
1700000064.0,30496.38,30496.06,30496.70,0.641969,14.624723,0.00002058
1700000065.0,30496.72,30496.27,30497.16,0.883814,1.888774,0.00000032
1700000066.0,30516.25,30515.77,30516.73,0.962782,4.402357,-0.00000661
1700000067.0,30551.48,30550.95,30552.00,1.042418,9.532731,-0.00001078
1700000068.0,30545.99,30545.46,30546.51,1.053727,3.797086,0.00000556
1700000069.0,30532.45,30532.20,30532.70,0.500000,6.433262,0.00000746
1700000070.0,30525.26,30524.76,30525.76,0.997741,4.357495,-0.00001607
1700000071.0,30542.28,30541.85,30542.71,0.856205,3.574410,-0.00001104
1700000072.0,30575.58,30575.05,30576.10,1.045400,8.891185,-0.00001490
1700000073.0,30558.18,30557.65,30558.72,1.070660,7.692397,-0.00000316
1700000074.0,30530.47,30530.02,30530.92,0.898903,11.078955,0.00000071
1700000075.0,30552.48,30551.97,30552.99,1.017631,5.205267,-0.00000048
1700000076.0,30566.05,30565.34,30566.76,1.416572,2.440295,0.00000974
1700000077.0,30582.55,30581.94,30583.16,1.225148,3.396821,0.00000446
1700000078.0,30568.90,30568.44,30569.36,0.916985,6.467698,-0.00000954
1700000079.0,30583.90,30583.46,30584.33,0.877494,2.904781,-0.00000093
1700000080.0,30596.13,30595.27,30596.98,1.703669,1.998540,0.00000978
1700000081.0,30589.42,30588.71,30590.12,1.412340,4.193331,0.00000400
1700000082.0,30598.52,30598.04,30599.00,0.954013,0.974400,0.00001460
1700000083.0,30613.18,30612.93,30613.43,0.500000,2.791190,-0.00000043
1700000084.0,30593.44,30592.81,30594.08,1.266936,8.453851,-0.00001224
1700000085.0,30588.98,30588.45,30589.52,1.070615,3.457743,-0.00000716
1700000086.0,30583.34,30582.88,30583.80,0.917061,3.846069,0.00002391
1700000087.0,30574.79,30574.37,30575.20,0.827900,4.797816,-0.00000430
1700000088.0,30591.34,30591.09,30591.59,0.500000,3.411303,0.00000356
1700000089.0,30603.86,30603.55,30604.17,0.627444,2.092791,-0.00000201
1700000090.0,30644.18,30643.57,30644.79,1.224831,11.160850,0.00001071
1700000091.0,30672.32,30672.01,30672.64,0.632169,7.176003,0.00000103
1700000092.0,30704.19,30703.56,30704.82,1.256668,8.381825,-0.00000077
1700000093.0,30720.47,30720.06,30720.88,0.816370,3.299419,0.00001049
1700000094.0,30744.32,30743.58,30745.06,1.475227,5.758759,-0.00000396
1700000095.0,30763.78,30763.06,30764.49,1.433497,4.326995,0.00000096
1700000096.0,30766.62,30766.15,30767.09,0.937992,1.075745,-0.00000548
1700000097.0,30737.52,30736.76,30738.27,1.509607,11.470562,-0.00001507
1700000098.0,30767.55,30766.75,30768.35,1.598349,7.764598,0.00002015
1700000099.0,30776.75,30776.28,30777.22,0.937874,0.987672,0.00001740
1700000100.0,30806.99,30806.56,30807.42,0.860625,7.818129,-0.00001075
1700000101.0,30800.31,30799.72,30800.89,1.165679,4.169799,-0.00000699
1700000102.0,30806.72,30806.25,30807.20,0.954500,0.083733,-0.00000707
1700000103.0,30827.81,30827.29,30828.32,1.028610,4.840328,-0.00000131
1700000104.0,30831.03,30830.40,30831.66,1.261147,0.953906,0.00000824
1700000105.0,30849.17,30848.72,30849.62,0.904340,3.881650,0.00000897
1700000106.0,30863.10,30862.56,30863.64,1.082177,2.514492,0.00001273
1700000107.0,30875.27,30875.02,30875.52,0.500000,1.941998,0.00000799
1700000108.0,30895.70,30895.10,30896.29,1.183503,4.612147,-0.00000805
1700000109.0,30913.72,30913.37,30914.06,0.696490,3.830334,0.00000287
1700000110.0,30928.50,30928.15,30928.84,0.692620,2.779773,0.00000002
1700000111.0,30952.36,30951.79,30952.93,1.144143,5.710460,0.00001342
1700000112.0,30950.98,30950.53,30951.42,0.890796,2.446344,0.00000220
1700000113.0,30931.73,30931.48,30931.98,0.500000,8.222183,-0.00001735
1700000114.0,30936.70,30936.24,30937.15,0.910385,0.395204,-0.00000196
1700000115.0,30930.44,30930.15,30930.73,0.576533,4.024009,0.00000122
1700000116.0,30960.89,30960.18,30961.60,1.421567,7.837216,-0.00000475
1700000117.0,30990.15,30989.72,30990.57,0.854022,7.442635,0.00000465
1700000118.0,30993.92,30993.12,30994.71,1.588467,0.783587,-0.00000880
1700000119.0,31005.88,31005.52,31006.24,0.716478,1.859056,0.00001157
1700000120.0,31031.50,31031.11,31031.89,0.787708,6.257962,0.00000615
1700000121.0,31039.10,31038.80,31039.40,0.594435,0.448941,0.00001305
1700000122.0,31037.19,31036.91,31037.46,0.553400,2.616392,-0.00001114
1700000123.0,31017.38,31016.99,31017.78,0.789659,8.386363,-0.00000340
1700000124.0,31008.48,31007.98,31008.98,1.001385,4.869872,0.00000833
1700000125.0,31020.67,31020.17,31021.17,1.000049,1.929485,0.00000041
1700000126.0,31012.01,31011.31,31012.71,1.397101,4.794383,0.00000524
1700000127.0,30990.17,30989.37,30990.96,1.590675,9.048867,-0.00000043
1700000128.0,31009.97,31009.28,31010.66,1.383939,4.386980,-0.00000072
1700000129.0,31079.71,31079.13,31080.29,1.165784,20.443658,0.00001656
1700000130.0,31063.47,31063.08,31063.86,0.776874,7.229744,-0.00000860
1700000131.0,31066.57,31065.90,31067.23,1.326598,1.002320,0.00000071
1700000132.0,31054.27,31053.84,31054.69,0.845353,5.961043,-0.00001365
1700000133.0,31047.16,31046.75,31047.56,0.802545,4.291005,-0.00000016
1700000134.0,31073.57,31073.32,31073.82,0.500000,6.502936,0.00001692
1700000135.0,31073.70,31073.45,31073.95,0.500000,1.957859,0.00000187
1700000136.0,31085.91,31085.42,31086.41,0.990703,1.927770,-0.00000903
1700000137.0,31103.74,31103.49,31103.99,0.500000,3.733665,0.00000231
1700000138.0,31128.01,31127.76,31128.26,0.500000,5.798161,0.00000339
1700000139.0,31148.46,31147.88,31149.05,1.174166,4.567883,0.00002194
1700000140.0,31139.82,31139.26,31140.38,1.122262,4.775394,-0.00000033
1700000141.0,31177.15,31176.58,31177.72,1.139682,9.974951,-0.00000158
1700000142.0,31166.58,31165.77,31167.39,1.617732,5.392159,0.00000034
1700000143.0,31177.28,31176.73,31177.83,1.105011,1.433374,-0.00001287
1700000144.0,31176.79,31176.20,31177.38,1.180576,2.157532,0.00000854
1700000145.0,31171.78,31171.53,31172.03,0.500000,3.607400,-0.00000575
1700000146.0,31185.19,31184.70,31185.68,0.979890,2.299356,0.00001683
1700000147.0,31187.86,31187.61,31188.11,0.500000,1.143480,-0.00001446
1700000148.0,31215.24,31214.67,31215.81,1.142366,6.774222,-0.00000247
1700000149.0,31213.52,31212.63,31214.40,1.774398,2.552534,-0.00000143
1700000150.0,31196.52,31196.27,31196.77,0.500000,7.449886,0.00000498
1700000151.0,31212.57,31211.94,31213.19,1.249887,3.142435,-0.00001458
1700000152.0,31205.85,31205.38,31206.32,0.941658,4.152963,0.00000892
1700000153.0,31237.94,31237.42,31238.47,1.054693,8.276470,-0.00002608
1700000154.0,31263.76,31263.23,31264.29,1.059348,6.258318,-0.00001721
1700000155.0,31284.34,31283.68,31284.99,1.308576,4.579362,0.00001353
1700000156.0,31273.02,31272.53,31273.51,0.979871,5.618709,-0.00000056
1700000157.0,31281.02,31280.47,31281.56,1.090965,0.556909,-0.00000249
1700000158.0,31276.27,31275.84,31276.70,0.864528,3.518364,0.00000480
1700000159.0,31295.93,31295.50,31296.37,0.874099,4.283874,0.00000230
1700000160.0,31313.29,31312.84,31313.75,0.906393,3.545660,-0.00000400
1700000161.0,31317.62,31317.04,31318.21,1.175518,0.617407,-0.00001328
1700000162.0,31304.52,31303.81,31305.23,1.415459,6.186283,-0.00000087
1700000163.0,31341.75,31341.40,31342.11,0.707924,9.881131,-0.00000742
1700000164.0,31320.25,31319.95,31320.56,0.603835,8.864933,-0.00000190
1700000165.0,31341.13,31340.67,31341.59,0.925698,4.662055,-0.00000031
1700000166.0,31336.31,31335.82,31336.81,0.986958,3.537188,-0.00000553
1700000167.0,31344.94,31344.42,31345.46,1.038265,0.753159,-0.00001219
1700000168.0,31343.84,31343.24,31344.45,1.211332,2.350757,0.00000754
1700000169.0,31367.89,31367.34,31368.43,1.086880,5.666635,0.00000621
1700000170.0,31359.79,31359.45,31360.13,0.680092,4.581956,-0.00000654
1700000171.0,31391.71,31391.13,31392.28,1.146639,8.168533,0.00000235
1700000172.0,31388.81,31388.38,31389.23,0.848785,2.923191,-0.00001313
1700000173.0,31388.70,31388.25,31389.15,0.898381,2.035341,-0.00000414
1700000174.0,31377.70,31377.05,31378.35,1.303717,5.505769,0.00000215
1700000175.0,31400.09,31399.52,31400.66,1.139192,5.131952,0.00000773
1700000176.0,31368.19,31367.65,31368.73,1.079999,12.170086,0.00000871
1700000177.0,31372.49,31371.78,31373.21,1.435590,0.628902,0.00001632
1700000178.0,31358.35,31357.50,31359.19,1.690083,6.511966,0.00000023
1700000179.0,31381.03,31380.63,31381.44,0.812800,5.230244,-0.00001038
1700000180.0,31343.79,31343.54,31344.04,0.500000,13.883139,-0.00000263
1700000181.0,31317.93,31317.47,31318.39,0.918997,10.260352,0.00000430
1700000182.0,31338.85,31338.29,31339.42,1.129101,4.677513,-0.00000237
1700000183.0,31331.00,31330.39,31331.60,1.209083,4.507086,-0.00000799
1700000184.0,31363.67,31363.08,31364.25,1.168013,8.417584,-0.00000075
1700000185.0,31389.86,31389.30,31390.42,1.119173,6.346462,-0.00000609
1700000186.0,31388.97,31388.25,31389.70,1.454703,2.282193,-0.00001411
1700000187.0,31379.12,31378.65,31379.59,0.947536,5.140999,0.00000892
1700000188.0,31390.32,31389.66,31390.99,1.331465,1.570259,0.00001548
1700000189.0,31403.12,31402.76,31403.48,0.727458,2.075244,-0.00000289
1700000190.0,31405.64,31404.97,31406.30,1.333750,1.198774,0.00000411
1700000191.0,31402.18,31401.58,31402.77,1.194727,3.101561,0.00001007
1700000192.0,31427.35,31426.89,31427.80,0.914191,6.009972,-0.00001363
1700000193.0,31430.74,31430.26,31431.22,0.967563,0.919799,0.00000871
1700000194.0,31469.24,31468.75,31469.72,0.979475,10.235143,0.00000500
1700000195.0,31487.41,31486.98,31487.84,0.864885,3.773724,-0.00001548
1700000196.0,31501.72,31501.28,31502.15,0.876495,2.541618,-0.00000748
1700000197.0,31544.28,31543.72,31544.83,1.110612,11.495966,0.00000486
1700000198.0,31547.83,31547.58,31548.08,0.500000,0.874515,-0.00000971
1700000199.0,31569.98,31569.47,31570.48,1.008168,5.016958,-0.00001095
1700000200.0,31549.39,31549.09,31549.70,0.612335,8.526010,-0.00000096
1700000201.0,31574.14,31573.58,31574.70,1.117650,5.838500,0.00001117
1700000202.0,31585.60,31584.86,31586.34,1.479773,1.629362,0.00000370
1700000203.0,31575.04,31574.51,31575.58,1.069750,5.342871,-0.00001370
1700000204.0,31589.23,31588.79,31589.67,0.870602,2.491426,-0.00000256
1700000205.0,31612.26,31611.64,31612.89,1.245744,5.287608,0.00001220
1700000206.0,31587.07,31586.68,31587.46,0.780231,9.977771,-0.00000143
1700000207.0,31613.98,31613.31,31614.66,1.343112,6.515491,-0.00000985
1700000208.0,31617.41,31617.16,31617.66,0.500000,0.915871,-0.00000350
1700000209.0,31610.54,31610.29,31610.79,0.500000,4.173538,-0.00001141
1700000210.0,31615.95,31615.50,31616.41,0.909526,0.288303,-0.00000146
1700000211.0,31636.13,31635.71,31636.55,0.842036,4.378314,0.00001767
1700000212.0,31647.67,31647.17,31648.18,1.013392,1.649159,0.00000322
1700000213.0,31640.87,31640.19,31641.55,1.354498,4.150493,-0.00001298
1700000214.0,31649.18,31648.58,31649.79,1.205662,0.627404,0.00000529
1700000215.0,31664.75,31663.92,31665.59,1.674014,2.917452,0.00000570
1700000216.0,31647.47,31647.22,31647.72,0.500000,7.461264,-0.00001592
1700000217.0,31653.88,31653.37,31654.40,1.032616,0.025335,-0.00000562
1700000218.0,31652.73,31652.28,31653.17,0.881501,2.365422,-0.00000547
1700000219.0,31642.49,31642.05,31642.93,0.880482,5.236725,-0.00001892
1700000220.0,31685.77,31685.28,31686.27,0.988097,11.663723,-0.00000010
1700000221.0,31712.48,31711.88,31713.07,1.191982,6.423070,-0.00000196
1700000222.0,31699.63,31699.12,31700.14,1.016937,6.052923,-0.00000448
1700000223.0,31688.22,31687.68,31688.76,1.078492,5.602216,0.00000637
1700000224.0,31673.85,31673.09,31674.60,1.502585,6.539437,0.00001089
1700000225.0,31653.76,31653.32,31654.20,0.881070,8.346539,0.00001022
1700000226.0,31672.63,31672.14,31673.12,0.978939,3.960367,0.00001498
1700000227.0,31661.66,31661.08,31662.24,1.150962,5.466736,-0.00001190
1700000228.0,31648.92,31648.44,31649.40,0.959743,6.025243,0.00000829
1700000229.0,31646.09,31645.63,31646.55,0.928795,2.895447,0.00000133
1700000230.0,31647.40,31647.15,31647.65,0.500000,1.586655,-0.00000357
1700000231.0,31678.36,31677.70,31679.03,1.333955,7.777273,0.00000114
1700000232.0,31678.31,31677.74,31678.88,1.138072,2.017398,0.00000190
1700000233.0,31657.45,31657.10,31657.80,0.696120,8.590824,0.00000301
1700000234.0,31638.81,31638.43,31639.18,0.748589,7.893568,-0.00001636
1700000235.0,31634.93,31634.55,31635.31,0.752563,3.225304,0.00001731
1700000236.0,31630.07,31629.55,31630.59,1.036023,3.537005,0.00001014
1700000237.0,31615.58,31614.97,31616.20,1.226747,6.582941,-0.00000271
1700000238.0,31622.19,31621.90,31622.47,0.569569,0.089196,-0.00000750
1700000239.0,31648.59,31647.97,31649.22,1.246220,6.344317,-0.00000464
1700000240.0,31647.72,31647.02,31648.42,1.393092,2.275562,0.00001456
1700000241.0,31636.09,31635.73,31636.44,0.713940,5.677974,0.00001076
1700000242.0,31615.82,31615.57,31616.07,0.500000,8.411527,0.00000642
1700000243.0,31629.05,31628.42,31629.67,1.249632,2.182316,-0.00001737
1700000244.0,31627.52,31626.82,31628.21,1.390862,2.483766,-0.00001538
1700000245.0,31648.99,31648.44,31649.53,1.091083,4.785591,0.00001046
1700000246.0,31677.13,31676.50,31677.75,1.254133,6.884451,0.00000281
1700000247.0,31707.50,31707.11,31707.89,0.782403,7.581483,-0.00000120
1700000248.0,31718.64,31718.11,31719.16,1.053939,1.511777,0.00000545
1700000249.0,31711.15,31710.33,31711.96,1.632456,4.361730,0.00000106
1700000250.0,31713.27,31712.68,31713.85,1.169430,1.331420,-0.00000233
1700000251.0,31717.81,31717.20,31718.42,1.219106,0.569264,-0.00000708
1700000252.0,31722.34,31721.93,31722.75,0.824571,0.569488,0.00000277
1700000253.0,31733.65,31733.09,31734.21,1.120510,1.563786,0.00000146
1700000254.0,31767.12,31766.57,31767.66,1.091581,8.537512,0.00000899
1700000255.0,31795.30,31794.77,31795.83,1.060441,6.864084,-0.00001362
1700000256.0,31778.71,31778.22,31779.20,0.980143,7.220082,-0.00002107
1700000257.0,31824.78,31824.51,31825.06,0.551970,12.479410,0.00001056
1700000258.0,31850.42,31849.97,31850.86,0.886247,6.050409,-0.00000115
1700000259.0,31845.62,31844.87,31846.38,1.506482,3.505621,0.00002058
1700000260.0,31850.44,31849.91,31850.98,1.073757,0.486453,-0.00000395
1700000261.0,31851.14,31850.66,31851.61,0.952221,1.782229,0.00000699
1700000262.0,31862.46,31861.90,31863.01,1.105551,1.553166,-0.00000370
1700000263.0,31902.91,31902.51,31903.30,0.789052,10.681633,0.00001201
1700000264.0,31886.82,31886.16,31887.47,1.305241,7.046316,-0.00000741
1700000265.0,31879.62,31879.22,31880.02,0.800586,4.257298,-0.00000204
1700000266.0,31878.04,31877.35,31878.73,1.379837,2.497130,-0.00000295
1700000267.0,31866.82,31866.57,31867.07,0.500000,5.520238,-0.00000418
1700000268.0,31882.05,31881.64,31882.46,0.820499,2.777677,0.00000501
1700000269.0,31905.99,31905.43,31906.55,1.120556,5.503839,0.00000447
1700000270.0,31933.01,31932.54,31933.49,0.952474,6.464346,0.00000505
1700000271.0,31964.81,31964.20,31965.41,1.212399,7.948826,-0.00001566
1700000272.0,31989.56,31988.96,31990.16,1.199362,5.739228,0.00000125
1700000273.0,31994.32,31993.78,31994.86,1.081798,0.512177,-0.00001534
1700000274.0,31992.86,31992.28,31993.43,1.149058,2.457196,-0.00000021
1700000275.0,31981.03,31980.49,31981.57,1.078508,5.699836,-0.00001870
1700000276.0,31988.60,31988.04,31989.16,1.124680,0.368226,0.00000616
1700000277.0,31977.78,31977.53,31978.03,0.500000,5.385352,-0.00000511
1700000278.0,32004.15,32003.46,32004.84,1.382372,6.241004,0.00000187
1700000279.0,32005.57,32005.04,32006.10,1.063420,1.555615,0.00000827
1700000280.0,32042.28,32041.97,32042.58,0.613237,9.458547,0.00000279
1700000281.0,32055.50,32055.03,32055.97,0.940300,2.125709,-0.00001808
1700000282.0,32073.45,32072.95,32073.95,0.999153,3.599083,0.00000384
1700000283.0,32094.46,32093.89,32095.04,1.158750,4.547649,0.00000371
1700000284.0,32089.76,32089.42,32090.11,0.689336,3.465653,0.00000419
1700000285.0,32079.98,32079.45,32080.50,1.051779,5.051313,-0.00000849
1700000286.0,32090.21,32089.76,32090.66,0.899828,1.188764,0.00000261
1700000287.0,32158.05,32157.67,32158.42,0.753702,19.100346,-0.00000446
1700000288.0,32171.92,32171.33,32172.51,1.174258,2.312286,0.00001706
1700000289.0,32161.69,32160.94,32162.45,1.509524,5.180655,-0.00001452
1700000290.0,32140.25,32139.78,32140.71,0.930578,8.673450,-0.00001939
1700000291.0,32105.66,32105.03,32106.28,1.251758,12.775022,-0.00001318
1700000292.0,32093.51,32093.10,32093.92,0.829376,5.786309,-0.00000052
1700000293.0,32109.36,32108.88,32109.83,0.952894,2.936200,0.00002052
1700000294.0,32103.56,32103.04,32104.07,1.031364,3.806551,-0.00000195
1700000295.0,32082.01,32081.58,32082.44,0.856414,8.718566,-0.00001733
1700000296.0,32136.43,32135.58,32137.29,1.707138,14.938856,0.00001261
1700000297.0,32118.82,32117.89,32119.76,1.866687,7.483057,-0.00000277
1700000298.0,32111.24,32110.67,32111.81,1.140611,4.362184,-0.00000485
1700000299.0,32120.73,32120.47,32121.00,0.526661,0.955531,-0.00000650
1700000300.0,32150.01,32149.62,32150.40,0.787882,7.108064,0.00000915
1700000301.0,32150.52,32149.73,32151.31,1.576938,1.842197,0.00000877
1700000302.0,32159.90,32159.08,32160.72,1.640450,0.917834,-0.00000563
1700000303.0,32157.94,32157.46,32158.41,0.952796,2.610198,-0.00002538
1700000304.0,32160.20,32159.63,32160.77,1.141968,1.296765,-0.00000005
1700000305.0,32173.39,32172.96,32173.82,0.861526,2.102295,-0.00000818
1700000306.0,32183.69,32183.15,32184.23,1.084226,1.199836,-0.00000743
1700000307.0,32164.80,32164.37,32165.23,0.858264,7.872885,-0.00000509
1700000308.0,32191.94,32191.36,32192.52,1.156364,6.430406,0.00000231
1700000309.0,32208.00,32207.20,32208.81,1.607855,2.988887,0.00000293
1700000310.0,32208.64,32208.39,32208.89,0.500000,1.801364,-0.00001960
1700000311.0,32203.90,32203.48,32204.33,0.850180,3.471759,-0.00001405
1700000312.0,32238.65,32238.40,32238.90,0.500000,8.780828,-0.00000471
1700000313.0,32211.11,32210.60,32211.63,1.031165,10.551319,-0.00000046
1700000314.0,32226.70,32226.26,32227.14,0.874337,2.837507,-0.00000419
1700000315.0,32248.39,32247.96,32248.82,0.863245,4.727636,0.00000507
1700000316.0,32294.13,32293.86,32294.41,0.549027,12.167515,-0.00000666
1700000317.0,32310.27,32309.83,32310.70,0.870519,2.994768,-0.00000428
1700000318.0,32290.59,32290.05,32291.13,1.071050,8.095726,-0.00000915
1700000319.0,32310.59,32309.97,32311.21,1.234924,4.191122,-0.00000386
1700000320.0,32296.27,32295.71,32296.82,1.108717,6.436207,-0.00001446
1700000321.0,32320.49,32319.94,32321.05,1.110843,5.497995,0.00001068
1700000322.0,32331.38,32330.91,32331.85,0.932730,1.367526,0.00000008
1700000323.0,32392.96,32392.38,32393.54,1.162722,17.013870,-0.00000219
1700000324.0,32414.41,32413.95,32414.88,0.927654,4.620058,0.00000039
1700000325.0,32374.31,32373.97,32374.65,0.678888,14.390741,-0.00002418
1700000326.0,32371.82,32371.46,32372.19,0.730830,2.768190,0.00000654
1700000327.0,32408.71,32408.24,32409.17,0.927290,9.383351,0.00000369
1700000328.0,32400.80,32400.35,32401.26,0.916897,4.439080,0.00000059
1700000329.0,32396.92,32396.25,32397.58,1.327937,3.199970,-0.00000525
1700000330.0,32392.48,32391.97,32392.98,1.004011,3.371188,-0.00001338
1700000331.0,32435.64,32435.11,32436.16,1.045067,11.308636,0.00001159
1700000332.0,32432.29,32431.79,32432.79,1.000833,3.030910,0.00001231
1700000333.0,32467.62,32467.10,32468.13,1.033468,8.881555,0.00002328
1700000334.0,32483.50,32482.97,32484.03,1.056532,2.891912,-0.00000225
1700000335.0,32495.78,32495.30,32496.27,0.967344,1.780106,-0.00000649
1700000336.0,32476.45,32475.84,32477.07,1.233778,7.953042,0.00001255
1700000337.0,32503.01,32502.20,32503.82,1.616787,6.171289,-0.00002717
1700000338.0,32500.41,32499.57,32501.24,1.672087,2.800766,-0.00001118
1700000339.0,32508.69,32508.16,32509.21,1.048994,0.548182,0.00000576
1700000340.0,32506.44,32506.08,32506.80,0.725863,2.692512,0.00000009
1700000341.0,32526.59,32525.91,32527.27,1.354721,4.196724,0.00000199
1700000342.0,32538.65,32538.16,32539.15,0.990528,1.707409,-0.00002051
1700000343.0,32519.58,32518.86,32520.30,1.440259,7.865024,-0.00000193
1700000344.0,32517.70,32517.35,32518.04,0.693431,2.580204,0.00000732
1700000345.0,32509.79,32509.41,32510.18,0.778084,4.430865,-0.00001389
1700000346.0,32525.68,32525.30,32526.05,0.749113,2.883605,0.00000158
1700000347.0,32540.04,32539.62,32540.47,0.855569,2.416180,0.00000113
1700000348.0,32528.66,32528.19,32529.13,0.940505,5.499674,-0.00001490
1700000349.0,32555.97,32555.47,32556.47,1.000076,6.390641,-0.00000435
1700000350.0,32579.12,32578.41,32579.83,1.424406,5.107267,-0.00000935
1700000351.0,32555.57,32555.04,32556.11,1.064353,9.234770,0.00000589
1700000352.0,32582.41,32581.88,32582.93,1.050036,6.237033,-0.00000193
1700000353.0,32597.72,32597.17,32598.28,1.111462,2.699549,-0.00000274
1700000354.0,32599.51,32599.01,32600.01,0.996462,1.451673,0.00000407
1700000355.0,32624.31,32623.88,32624.74,0.857588,5.603226,0.00000023
1700000356.0,32653.35,32652.98,32653.72,0.735590,6.894779,0.00000783
1700000357.0,32683.40,32682.98,32683.83,0.852340,7.196878,0.00000706
1700000358.0,32670.46,32670.14,32670.79,0.651404,5.961715,0.00000747
1700000359.0,32633.77,32633.40,32634.14,0.734121,13.245942,-0.00001537
1700000360.0,32620.88,32620.42,32621.33,0.910324,5.952905,-0.00000153
1700000361.0,32670.37,32669.90,32670.84,0.939585,13.152023,-0.00001094
1700000362.0,32676.49,32675.88,32677.10,1.220644,0.126192,0.00000840
1700000363.0,32667.96,32667.57,32668.36,0.784801,4.610671,-0.00000115
1700000364.0,32672.53,32671.76,32673.30,1.543723,0.602643,0.00002582
1700000365.0,32706.92,32706.16,32707.68,1.521811,8.517172,0.00000565
1700000366.0,32705.03,32704.36,32705.71,1.349702,2.576681,0.00000190
1700000367.0,32684.24,32683.99,32684.49,0.501245,8.362974,0.00000434
1700000368.0,32668.16,32667.54,32668.77,1.232299,6.925151,0.00000394
1700000369.0,32678.37,32677.67,32679.07,1.404328,1.126594,0.00001132
1700000370.0,32689.88,32689.44,32690.32,0.881302,1.521527,-0.00000447
1700000371.0,32708.29,32707.51,32709.07,1.562831,3.630268,0.00000843
1700000372.0,32740.47,32740.18,32740.75,0.569232,7.828976,0.00000097
1700000373.0,32783.79,32783.09,32784.49,1.393470,11.217986,-0.00001686
1700000374.0,32796.86,32796.48,32797.25,0.776089,1.986831,-0.00000466
1700000375.0,32808.91,32808.36,32809.46,1.098973,1.672653,0.00001324
1700000376.0,32833.93,32833.50,32834.35,0.850864,5.620301,0.00000783
1700000377.0,32831.00,32830.71,32831.29,0.580498,2.892515,0.00001235
1700000378.0,32846.74,32846.07,32847.40,1.329950,2.793133,0.00001019
1700000379.0,32889.89,32889.39,32890.38,0.992062,11.122624,0.00000584
1700000380.0,32897.81,32897.20,32898.42,1.227710,0.407984,0.00001568
1700000381.0,32885.56,32884.99,32886.12,1.134257,5.726190,0.00000828
1700000382.0,32860.08,32859.49,32860.68,1.188118,9.753494,-0.00000513
1700000383.0,32860.32,32859.99,32860.64,0.647050,1.929169,-0.00001701
1700000384.0,32885.80,32885.45,32886.14,0.683059,5.749250,-0.00001003
1700000385.0,32907.55,32907.01,32908.10,1.089958,4.612185,-0.00000359
1700000386.0,32918.73,32918.21,32919.25,1.041036,1.397510,0.00000008
1700000387.0,32926.40,32925.93,32926.86,0.928120,0.327603,0.00000251
1700000388.0,32962.36,32961.92,32962.79,0.867388,8.912127,-0.00000575
1700000389.0,32997.01,32996.49,32997.54,1.051361,8.505218,-0.00001573
1700000390.0,32993.13,32992.77,32993.48,0.711188,3.178614,0.00001624
1700000391.0,32988.33,32987.59,32989.06,1.462013,3.455635,-0.00000597
1700000392.0,32983.71,32983.15,32984.27,1.121376,3.399783,-0.00001422
1700000393.0,32958.95,32958.26,32959.64,1.376663,9.512802,-0.00001208
1700000394.0,32955.37,32955.04,32955.71,0.676349,3.086088,0.00000776
1700000395.0,32971.70,32971.31,32972.08,0.767660,2.951500,-0.00000761
1700000396.0,32951.20,32950.78,32951.62,0.837131,8.220921,-0.00000383
1700000397.0,32930.46,32929.89,32931.02,1.125466,8.301397,0.00000520
1700000398.0,32940.66,32940.25,32941.06,0.810437,1.096947,-0.00000317
1700000399.0,32947.54,32947.23,32947.85,0.618773,0.090320,0.00000443
1700000400.0,32953.68,32953.17,32954.20,1.024698,0.135523,-0.00000559
1700000401.0,32957.39,32956.88,32957.89,1.004901,0.876651,-0.00001319
1700000402.0,32950.17,32949.74,32950.60,0.856837,4.191145,-0.00000913
1700000403.0,32965.93,32965.41,32966.46,1.044809,2.783395,0.00000714
1700000404.0,32983.75,32983.42,32984.08,0.661794,3.401781,-0.00001275
1700000405.0,33011.28,33010.67,33011.89,1.218149,6.342815,0.00001764
1700000406.0,33026.86,33026.19,33027.53,1.345692,2.718014,-0.00000721
1700000407.0,33052.67,33052.33,33053.01,0.680987,5.809147,0.00001335
1700000408.0,33044.67,33044.05,33045.29,1.237207,4.421227,-0.00000345
1700000409.0,33056.02,33055.41,33056.63,1.219408,1.434847,0.00000115
1700000410.0,33046.69,33045.99,33047.39,1.403872,4.823290,0.00000508
1700000411.0,33026.60,33026.14,33027.06,0.917351,8.083997,-0.00000526
1700000412.0,33038.78,33038.20,33039.36,1.153891,1.686622,-0.00000292
1700000413.0,33052.36,33051.93,33052.79,0.853493,2.109151,0.00000746
1700000414.0,33075.80,33075.28,33076.33,1.047942,5.089760,-0.00000554
1700000415.0,33081.42,33080.97,33081.86,0.886455,0.303064,-0.00000428
1700000416.0,33084.02,33083.46,33084.58,1.120953,1.212682,-0.00000305
1700000417.0,33072.53,33072.08,33072.98,0.900817,5.476487,0.00000418
1700000418.0,33090.84,33090.21,33091.48,1.263389,3.537165,0.00000460
1700000419.0,33096.87,33096.30,33097.43,1.125791,0.180636,-0.00000804
1700000420.0,33101.89,33101.52,33102.27,0.750039,0.481148,-0.00001709
1700000421.0,33106.05,33105.42,33106.69,1.269531,0.743416,-0.00000022
1700000422.0,33111.01,33110.56,33111.46,0.897883,0.502683,-0.00000843
1700000423.0,33100.88,33100.31,33101.45,1.141552,5.059957,-0.00000343
1700000424.0,33120.13,33119.43,33120.82,1.386952,3.811905,0.00000688
1700000425.0,33148.27,33147.80,33148.74,0.930711,6.491959,-0.00000455
1700000426.0,33208.43,33207.77,33209.09,1.317568,16.119578,0.00001537
1700000427.0,33229.83,33229.31,33230.35,1.035141,4.441182,-0.00000382
1700000428.0,33239.04,33238.41,33239.68,1.264178,0.772291,-0.00000922
1700000429.0,33263.00,33262.53,33263.47,0.941674,5.202951,0.00001601
1700000430.0,33272.51,33272.21,33272.81,0.599965,0.861014,-0.00001212
1700000431.0,33308.29,33307.91,33308.68,0.771687,8.743881,0.00001108
1700000432.0,33342.60,33342.15,33343.05,0.899525,8.291374,-0.00000274
1700000433.0,33346.88,33346.37,33347.39,1.023655,0.717490,-0.00000030
1700000434.0,33328.85,33328.45,33329.25,0.802775,7.410314,0.00000200
1700000435.0,33311.60,33311.02,33312.18,1.155095,7.178480,0.00000851
1700000436.0,33303.14,33302.73,33303.55,0.819189,4.542372,-0.00000674
1700000437.0,33305.93,33305.44,33306.42,0.972246,1.161263,-0.00000708
1700000438.0,33318.83,33318.44,33319.21,0.769998,1.872639,0.00000193
1700000439.0,33323.22,33322.94,33323.50,0.553890,0.682227,0.00000655
1700000440.0,33372.55,33372.06,33373.04,0.978436,12.783321,-0.00000492
1700000441.0,33375.01,33374.48,33375.55,1.071524,1.260436,0.00001634
1700000442.0,33377.37,33376.80,33377.95,1.149262,1.293337,-0.00000070
1700000443.0,33380.03,33379.49,33380.57,1.083153,1.204278,-0.00000157
1700000444.0,33375.94,33375.67,33376.22,0.546443,3.224171,-0.00000523
1700000445.0,33397.58,33397.14,33398.02,0.877017,4.480041,0.00000509
1700000446.0,33402.65,33402.19,33403.10,0.908644,0.482124,-0.00000688
1700000447.0,33412.28,33411.59,33412.98,1.384365,0.884190,-0.00000585
1700000448.0,33418.42,33417.73,33419.12,1.391599,0.162617,0.00000241
1700000449.0,33447.87,33447.37,33448.37,0.995946,6.804869,0.00000623
1700000450.0,33423.81,33423.56,33424.06,0.500000,9.199187,-0.00001367
1700000451.0,33428.38,33427.85,33428.91,1.058093,0.632580,-0.00000617
1700000452.0,33454.98,33454.34,33455.63,1.294483,5.953305,0.00001009
1700000453.0,33467.00,33466.44,33467.57,1.126073,1.592191,0.00001304
1700000454.0,33448.43,33448.03,33448.83,0.797120,7.553435,-0.00000123
1700000455.0,33453.30,33452.84,33453.77,0.929777,0.542767,-0.00000211
1700000456.0,33456.08,33455.28,33456.87,1.592727,1.170875,-0.00000192
1700000457.0,33467.75,33467.36,33468.15,0.790571,1.488502,0.00001164
1700000458.0,33490.37,33489.83,33490.90,1.064780,4.754007,0.00001237
1700000459.0,33500.33,33500.00,33500.66,0.655200,0.975148,0.00000935
1700000460.0,33493.02,33492.64,33493.41,0.771476,4.182393,-0.00000142
1700000461.0,33490.00,33489.70,33490.31,0.610711,2.901202,0.00000993
1700000462.0,33500.49,33500.05,33500.93,0.873700,1.130323,-0.00000286
1700000463.0,33496.71,33495.95,33497.47,1.516624,3.128061,0.00001363
1700000464.0,33522.68,33522.21,33523.14,0.938489,5.746749,-0.00000483
1700000465.0,33535.02,33534.74,33535.31,0.569132,1.682923,-0.00000686
1700000466.0,33520.03,33519.53,33520.53,1.000801,6.473524,0.00000303
1700000467.0,33534.01,33533.32,33534.70,1.381253,2.169994,-0.00000416
1700000468.0,33537.18,33536.50,33537.85,1.347264,1.056063,-0.00000410
1700000469.0,33546.65,33546.29,33547.02,0.732734,0.825649,0.00000236
1700000470.0,33563.85,33563.40,33564.31,0.913324,3.124957,0.00001286
1700000471.0,33561.27,33560.56,33561.99,1.427741,2.768284,-0.00001308
1700000472.0,33529.98,33529.46,33530.51,1.046163,11.334654,-0.00000942
1700000473.0,33538.95,33538.57,33539.33,0.759520,0.674138,-0.00002175
1700000474.0,33571.71,33571.07,33572.35,1.283100,7.760497,-0.00000863
1700000475.0,33574.90,33574.54,33575.26,0.719083,1.049155,-0.00000522
1700000476.0,33587.49,33586.97,33588.02,1.051308,1.748961,0.00001043
1700000477.0,33605.23,33604.59,33605.87,1.275881,3.279375,-0.00000045
1700000478.0,33647.94,33647.53,33648.36,0.826117,10.696801,0.00000200
1700000479.0,33675.51,33674.87,33676.14,1.272685,6.187270,0.00000660
1700000480.0,33667.39,33666.59,33668.19,1.600423,4.410689,-0.00001645
1700000481.0,33716.60,33715.90,33717.30,1.396228,12.596934,0.00000216
1700000482.0,33711.40,33710.87,33711.94,1.068531,3.542499,-0.00001353
1700000483.0,33738.21,33737.65,33738.77,1.115262,5.947757,-0.00000608
1700000484.0,33757.61,33757.23,33758.00,0.765926,3.749149,-0.00000447
1700000485.0,33754.82,33754.42,33755.23,0.807597,2.827087,-0.00000396
1700000486.0,33765.33,33764.78,33765.87,1.093722,1.111817,0.00001349
1700000487.0,33729.78,33729.40,33730.16,0.754877,12.541412,0.00000092
1700000488.0,33754.17,33753.92,33754.42,0.500000,5.226786,0.00001891
1700000489.0,33764.69,33764.14,33765.24,1.099790,1.117877,0.00000187
1700000490.0,33765.05,33764.80,33765.30,0.500000,1.894034,0.00000393
1700000491.0,33771.03,33770.78,33771.28,0.500000,0.230321,0.00000062
1700000492.0,33814.73,33814.24,33815.22,0.980873,10.927776,0.00000322
1700000493.0,33813.38,33812.82,33813.93,1.111402,2.400117,0.00001446
1700000494.0,33813.00,33812.54,33813.45,0.906734,2.113212,-0.00001062
1700000495.0,33819.89,33819.52,33820.26,0.741378,0.039496,0.00001218
1700000496.0,33798.77,33798.34,33799.20,0.856248,8.251217,-0.00001420
1700000497.0,33840.42,33839.92,33840.91,0.994250,10.309458,0.00000012
1700000498.0,33859.50,33859.15,33859.86,0.707975,3.637813,0.00000470
1700000499.0,33850.16,33849.63,33850.69,1.061891,4.759499,0.00000456
